@online{ChriREngP,
    title = {The reward engineering problem}
}

@article{CSASupAmp,
    title = {Supervising strong learners by amplifying weak experts},
}

@online{StuhDelCog,
    url = "https://ought.org/presentations/delegating-cognitive-work-2019-06"
}
